<record><leader>00000cas a22000007a 4500</leader><controlfield tag="001">14764389</controlfield><controlfield tag="008">861118d18871918iauwr ne      0    0eng d</controlfield><datafield ind1=" " ind2=" " tag="010"><subfield code="a">sn 87057811 </subfield></datafield><datafield ind1=" " ind2=" " tag="040"><subfield code="a">INP</subfield><subfield code="b">eng</subfield><subfield code="c">INP</subfield><subfield code="d">OCLCQ</subfield></datafield><datafield ind1=" " ind2=" " tag="042"><subfield code="a">msc</subfield></datafield><datafield ind1="0" ind2="4" tag="245"><subfield code="a">The Pocahontas County sun.</subfield></datafield><datafield ind1=" " ind2=" " tag="260"><subfield code="a">Laurens, Iowa :</subfield><subfield code="b">Louie E. Lange,</subfield><subfield code="c">1887-1918.</subfield></datafield><datafield ind1=" " ind2=" " tag="300"><subfield code="a">32 v.</subfield></datafield><datafield ind1=" " ind2=" " tag="310"><subfield code="a">Weekly</subfield></datafield><datafield ind1="0" ind2=" " tag="362"><subfield code="a">Vol. 3, no. 24 (Dec. 8, 1887)-v. 34, no. 14 (Aug. 29, 1918).</subfield></datafield><datafield ind1=" " ind2=" " tag="752"><subfield code="a">United States</subfield><subfield code="b">Iowa</subfield><subfield code="c">Pocahontas</subfield><subfield code="d">Laurens.</subfield></datafield><datafield ind1="0" ind2="0" tag="780"><subfield code="t">Laurens sun (Laurens, Iowa : 1885)</subfield><subfield code="w">(DLC)sn 85049837</subfield></datafield><datafield ind1="0" ind2="0" tag="785"><subfield code="t">Laurens sun (Laurens, Iowa : 1918)</subfield><subfield code="w">(DLC)sn 87057570</subfield></datafield></record>